@article{zuras2008ieee,
  title={{IEEE} standard for floating-point arithmetic},
  author={Zuras, Dan and Cowlishaw, Mike and Aiken, Alex and Applegate, Matthew and Bailey, David and Bass, Steve and Bhandarkar, Dileep and Bhat, Mahesh and Bindel, David and Boldo, Sylvie and others},
  journal={IEEE Std 754-2008},
  pages={1--70},
  year={2008},
  publisher={IEEE}
}

@phdthesis{moller2008adaptive,
  title={Adaptive high-resolution finite element schemes},
  author={M{\"o}ller, Matthias},
  year={2008},
  school={PhD thesis, Dortmund University of Technology}
}

