@article{kumar2016three,
  title={Three-dimensional semi-idealized model for tidal motion in tidal estuaries},
  author={Kumar, Mohit and Schuttelaars, Henk M and Roos, Pieter C and M{\"o}ller, Matthias},
  journal={Ocean dynamics},
  volume={66},
  number={1},
  pages={99--118},
  year={2016},
  publisher={Springer}
}
