@article{Dirac1953888,
  title   = "The lorentz transformation and absolute time",
  journal = "Physica ",
  volume  = "19",
  number  = "1-–12",
  pages   = "888--896",
  year    = "1953",
  doi     = "10.1016/S0031-8914(53)80099-6",
  author  = "P.A.M. Dirac"
}

@article{Feynman1963118,
  title   = "The theory of a general quantum system interacting with a linear dissipative system",
  journal = "Annals of Physics ",
  volume  = "24",
  pages   = "118--173",
  year    = "1963",
  doi     = "10.1016/0003-4916(63)90068-X",
  author  = "R.P Feynman and F.L {Vernon Jr.}"
}

@book{necas2011direct,
  title={Direct methods in the theory of elliptic equations},
  author={Necas, Jindrich},
  year={2011},
  publisher={Springer Science \& Business Media}
}

@article{carey1982derivative,
  title={Derivative calculation from finite element solutions},
  author={Carey, GF},
  journal={Computer Methods in Applied Mechanics and Engineering},
  volume={35},
  number={1},
  pages={1--14},
  year={1982},
  publisher={Elsevier}
}

@article{kelly1983posteriori,
  title={A posteriori error analysis and adaptive processes in the finite element method: Part {I} -- error analysis},
  author={Kelly, DW and Gago, De SR and Zienkiewicz, OC and Babuska, I and others},
  journal={International Journal for Numerical Methods in Engineering},
  volume={19},
  number={11},
  pages={1593--1619},
  year={1983},
  publisher={Wiley Online Library}
}

@inproceedings{ling1984numerical,
  title={Numerical accuracy and stability: Two problems of adaptive estimation algorithms caused by round-off error},
  author={Ling, Fuyun and Proakis, J},
  booktitle={Acoustics, Speech, and Signal Processing, IEEE International Conference on ICASSP'84.},
  volume={9},
  pages={571--574},
  year={1984},
  organization={IEEE}
}

@article{guo1986hp,
  title={The hp version of the finite element method},
  author={Guo, B and Babu{\v{s}}ka, I},
  journal={Computational Mechanics},
  volume={1},
  number={1},
  pages={21--41},
  year={1986},
  publisher={Springer}
}

@article{goldberg1991every,
  title={What every computer scientist should know about floating-point arithmetic},
  author={Goldberg, David},
  journal={ACM Computing Surveys (CSUR)},
  volume={23},
  number={1},
  pages={5--48},
  year={1991},
  publisher={ACM}
}

@article{ainsworth1992procedure,
  title={A procedure for a posteriori error estimation for hp finite element methods},
  author={Ainsworth, Mark and Oden, J Tinsley},
  journal={Computer Methods in Applied Mechanics and Engineering},
  volume={101},
  number={1-3},
  pages={73--96},
  year={1992},
  publisher={Elsevier}
}

@inproceedings{freund1995weakly,
  title={On weakly imposed boundary conditions for second order problems},
  author={Freund, Jouni and Stenberg, Rolf},
  booktitle={Proceedings of the Ninth Int. Conf. Finite Elements in Fluids},
  pages={327--336},
  year={1995},
  organization={Venice}
}

@article{davis2004algorithm,
  title={Algorithm 832: {UMFPACK} {V}4.3 -- an unsymmetric-pattern multifrontal method},
  author={Davis, Timothy A},
  journal={ACM Transactions on Mathematical Software (TOMS)},
  volume={30},
  number={2},
  pages={196--199},
  year={2004},
  publisher={ACM}
}

@book{van2005numerical,
  title={Numerical methods in scientific computing},
  author={van Kan, Jos and Segal, A and Vermolen, Fred},
  year={2005},
  publisher={VSSD}
}

@book{chen2005finite,
  title={Finite element methods and their applications},
  author={Chen, Zhangxin},
  year={2005},
  publisher={Springer Science \& Business Media}
}

@article{gratsch2005posteriori,
  title={A posteriori error estimation techniques in practical finite element analysis},
  author={Gr{\"a}tsch, Thomas and Bathe, Klaus-J{\"u}rgen},
  journal={Computers \& structures},
  volume={83},
  number={4-5},
  pages={235--265},
  year={2005},
  publisher={Elsevier}
}

@article{hughes2005isogeometric,
  title={Isogeometric analysis: CAD, finite elements, NURBS, exact geometry and mesh refinement},
  author={Hughes, Thomas JR and Cottrell, John A and Bazilevs, Yuri},
  journal={Computer methods in applied mechanics and engineering},
  volume={194},
  number={39-41},
  pages={4135--4195},
  year={2005},
  publisher={Elsevier}
}

@book{gockenbach2006understanding,
  title={Understanding and implementing the finite element method},
  author={Gockenbach, Mark S},
  volume={97},
  year={2006},
  publisher={Siam}
}

@article{bangerth2007deal,
  title={deal. II—a general-purpose object-oriented finite element library},
  author={Bangerth, Wolfgang and Hartmann, Ralf and Kanschat, Guido},
  journal={ACM Transactions on Mathematical Software (TOMS)},
  volume={33},
  number={4},
  pages={24},
  year={2007},
  publisher={ACM}
}

@book{vuik2007numerical,
  title={Numerical Methods for Ordinary differential equations},
  author={Vuik, Cornelis and Van Beek, P and Vermolen, F and Van Kan, J},
  year={2007},
  publisher={VSSD}
}

@article{bazilevs2007weak,
  title={Weak imposition of {D}irichlet boundary conditions in fluid mechanics},
  author={Bazilevs, Yuri and Hughes, Thomas JR},
  journal={Computers \& Fluids},
  volume={36},
  number={1},
  pages={12--26},
  year={2007},
  publisher={Elsevier}
}

@article{zuras2008ieee,
  title={{IEEE} standard for floating-point arithmetic},
  author={Zuras, Dan and Cowlishaw, Mike and Aiken, Alex and Applegate, Matthew and Bailey, David and Bass, Steve and Bhandarkar, Dileep and Bhat, Mahesh and Bindel, David and Boldo, Sylvie and others},
  journal={IEEE Std 754-2008},
  pages={1--70},
  year={2008},
  publisher={IEEE}
}

@article{farber2009numerical,
  title={Numerical Precision: How much is enough},
  author={Farber, R},
  journal={Scientific Computing},
  pages={14},
  year={2009}
}

@book{lipschutz2009linear,
  title={Linear Algebra: Schaum's Outlines},
  author={Lipschutz, Seymour and Lipson, Marc},
  year={2009},
  publisher={McGraw-Hill}
}

@article{jansen2010aerostructural,
  title={Aerostructural optimization of nonplanar lifting surfaces},
  author={Jansen, Peter W and Perez, Ruben E and RA Martins, Joaquim R},
  journal={Journal of Aircraft},
  volume={47},
  number={5},
  pages={1490--1503},
  year={2010}
}

@book{ferziger2012computational,
  title={Computational methods for fluid dynamics},
  author={Ferziger, Joel H and Peric, Milovan},
  year={2012},
  publisher={Springer Science \& Business Media}
}

@misc{Runborg2012VerifyingNC,
  title={Lecture Notes in Numerical Solutions of Differential Equations (DN2255): Verifying Numerical Convergence Rates},
  author={Olof Runborg},
  year={2012},
  publisher={KTH Computer Science and Communication}
}


@book{zienkiewicz2013finite,
  title={Finite Element Method: Its Basis and Fundamentals, The: Its Basis and Fundamentals},
  author={Zienkiewicz, Olgierd Cecil and Taylor, Robert Leroy and Taylor, Robert Leroy and Zhu, JZ},
  year={2013},
  publisher={Elsevier, Incorporated}
}

@book{boffi2013mixed,
  title={Mixed finite element methods and applications},
  author={Boffi, Daniele and Brezzi, Franco and Fortin, Michel and others},
  volume={44},
  year={2013},
  publisher={Springer}
}

@misc{WalterFrei,
  title = {Meshing Considerations for Linear Static Problems},
  howpublished = {https://www.comsol.com/blogs/meshing-considerations-linear-static-problems/},
  note = {Accessed: 2019-12-9}
}


@misc{Alglib_custom,
  title = {Estimate of the condition number},
  howpublished = {https://www.alglib.net/matrixops/rcond.php},
  note = {Accessed: 2020-3-15}
}

@book{butcher2016numerical,
  title={Numerical methods for ordinary differential equations},
  author={Butcher, John Charles},
  year={2016},
  publisher={John Wiley \& Sons}
}

@article{juttler2014geometry+,
  title={Geometry+ simulation modules: Implementing isogeometric analysis},
  author={J{\"u}ttler, Bert and Langer, Ulrich and Mantzaflaris, Angelos and Moore, Stephen E and Zulehner, Walter},
  journal={PAMM},
  volume={14},
  number={1},
  pages={961--962},
  year={2014},
  publisher={Wiley Online Library}
}

@Article{Kumar2016,
author="Kumar, Mohit
and Schuttelaars, Henk M.
and Roos, Pieter C.
and M{\"o}ller, Matthias",
title="Three-dimensional semi-idealized model for tidal motion in tidal estuaries",
journal="Ocean Dynamics",
year="2016",
volume="66",
number="1",
pages="99--118",
abstract="In this paper, a three-dimensional semi-idealized model for tidal motion in a tidal estuary of arbitrary shape and bathymetry is presented. This model aims at bridging the gap between idealized and complex models. The vertical profiles of the velocities are obtained analytically in terms of the first-order and the second-order partial derivatives of surface elevation, which itself follows from an elliptic partial differential equation. The surface elevation is computed numerically using the finite element method and its partial derivatives are obtained using various methods. The newly developed semi-idealized model allows for a systematic investigation of the influence of geometry and bathymetry on the tidal motion which was not possible in previously developed idealized models. The new model also retains the flexibility and computational efficiency of previous idealized models, essential for sensitivity analysis. As a first step, the accuracy of the semi-idealized model is investigated. To this end, an extensive comparison is made between the model results of the semi-idealized model and two other idealized models: a width-averaged model and a three-dimensional idealized model. Finally, the semi-idealized model is used to understand the influence of local geometrical effects on the tidal motion in the Ems estuary. The model shows that local convergence and meandering effects can have a significant influence on the tidal motion. Finally, the model is applied to the Ems estuary. The model results agree well with observations and results from a complex numerical model.",
issn="1616-7228"
}

@article{mladenapplication,
  title={An application of Richardson extrapolation on FEM solutions},
  author={MLADEN, ME {\v{S}}TROVI C}
}

@online{cornerconditioning,
    author = "Cleve Moler",
    title = "What is the Condition Number of a Matrix?",
    url  = "https://blogs.mathworks.com/cleve/2017/07/17/what-is-the-condition-number-of-a-matrix/",
    addendum = "(accessed: 13.08.2020)",
    keywords = "condition number,matrix"
}


@article{mou2017example,
  title={An example for the effect of round-off errors on numerical heat transfer},
  author={Mou, Shan-Cong and Luan, Yu-Xuan and Ji, Wen-Tao and Zhang, Jian-Fei and Tao, Wen-Quan},
  journal={Numerical Heat Transfer, Part B: Fundamentals},
  volume={72},
  number={1},
  pages={21--32},
  year={2017},
  publisher={Taylor \& Francis}
}


@article{qin2017influence,
  title={Influence of round-off errors on the reliability of numerical simulations of chaotic dynamic systems},
  author={Qin, Shijie and Liao, Shijun},
  journal={arXiv preprint arXiv:1707.04720},
  year={2017}
}

@article{alzetta2018deal,
  title={The deal.\rom{2} library, version 9.0},
  author={Alzetta, Giovanni and Arndt, Daniel and Bangerth, Wolfgang and Boddu, Vishal and Brands, Benjamin and Davydov, Denis and Gassm{\"o}ller, Rene and Heister, Timo and Heltai, Luca and Kormann, Katharina and others},
  journal={Journal of Numerical Mathematics},
  volume={26},
  number={4},
  pages={173--183},
  year={2018},
  publisher={De Gruyter}
}

@article{Babuska2018Roundoff,
  title={On Roundoff Error Growth in Elliptic Problems},
  author={Babuska, Ivo and S\"oderlind, Gustaf},
  journal={ACM Transactions on Mathematical Software},
  volume={44},
  number={3},
  pages={1--22},
  year={2018}
}

@article{ginsburg1963cg,
 author = {Ginsburg, Theo},
 title = {The Conjugate Gradient Method},
 journal = {Numer. Math.},
 issue_date = {December  1963},
 volume = {5},
 number = {1},
 month = dec,
 year = {1963},
 issn = {0029-599X},
 pages = {191--200},
 numpages = {10},
 acmid = {2716042},
 publisher = {Springer-Verlag New York, Inc.},
 address = {Secaucus, NJ, USA},
} 


@book{wilkinson1963,
 author = {Wilkinson, J. H.},
 title = {Rounding Errors in Algebraic Processes},
 publisher = {Prentice-Hall},
 year = {1963}
}


@article{liu2019balancing,
  title={Balancing truncation and round-off errors in practical FEM: one-dimensional analysis},
  author={Liu, Jie and M{\"o}ller, Matthias and Schuttelaars, Henk M},
  journal={arXiv preprint arXiv:1912.08004},
  year={2019}
}

